@misc{link1,
  author = {Transmission Lines},
  title = {{Standing Waves on Transmission Line and Impedance Transformation}},
  howpublished = "\url{https://nptel.ac.in/courses/117101057/downloads/lec5.pdf}",
  note = "[Online; accessed 10-Apr-2019]"
}

@misc{link2,
  author = {Wiki},
  title = {{Reflection phase change}},
  howpublished = "\url{https://en.wikipedia.org/wiki/Reflection_phase_change}",
  note = "[Online; accessed 10-Apr-2019]"
}

@misc{link,
  author = {S.K. Mandal},
  title = {{Introduction to Speech Processing}},
  howpublished = "\url{https://nptel.ac.in/courses/117105145/}",
  year = {2017}, 
  note = "[Online; accessed 1-Aug-2018]"
}


@misc{link3,
  author = {jstiles},
  title = {{Signal Flow Graph}},
  howpublished = "\url{http://www.ittc.ku.edu/~jstiles/723/handouts/section\_4\_5\_Signal_Flow_Graphs_package.pdf}",
  note = "[Online; accessed 21-Apr-2019]"
}


@misc{link4,
  author = {Samudravijaya K},
  title = {{ASR}},
  howpublished = "\url{http://www.iitg.ac.in/samudravijaya/tutorials/index.html}",
  year = {2010}, 
  note = "[Online; accessed 7-Sep-2018]"
}

@misc{link5,
  author = {Ron Dror, Andrew Ng},
  title = {{CS229: Machine Learning}},
  howpublished = "\url{http://cs229.stanford.edu/}",
  year = {Jul 23, 2008}, 
  note = "[Online; accessed 2-Nov-2018]"
}


@ARTICLE{4084811,
author={A. M. {Abbosh} and M. E. {Bialkowski}},
journal={IEEE Transactions on Microwave Theory and Techniques},
title={Design of Compact Directional Couplers for UWB Applications},
year={2007},
volume={55},
number={2},
pages={189-194},
doi={10.1109/TMTT.2006.889150},
ISSN={0018-9480},
month={Feb},}



i